<?xml version="1.0" encoding="UTF-8"?><record xmlns="http://www.loc.gov/MARC21/slim" xmlns:cinclude="http://apache.org/cocoon/include/1.0" xmlns:zs="http://www.loc.gov/zing/srw/">
  <leader>00501nz  a2200145n  4500</leader>
  <controlfield tag="001">no2006013109</controlfield>
  <controlfield tag="003">DLC</controlfield>
  <controlfield tag="005">20060208051820.0</controlfield>
  <controlfield tag="008">051130n| acannaabn          |n aaa     c</controlfield>
  <datafield tag="010" ind1=" " ind2=" ">
    <subfield code="a">no2006013109</subfield>
  </datafield>
  <datafield tag="035" ind1=" " ind2=" ">
    <subfield code="a">(OCoLC)oca06848152</subfield>
  </datafield>
  <datafield tag="040" ind1=" " ind2=" ">
    <subfield code="a">PHi</subfield>
    <subfield code="b">eng</subfield>
    <subfield code="c">PHi</subfield>
  </datafield>
  <datafield tag="100" ind1="1" ind2=" ">
    <subfield code="a">Lehman, Abraham,</subfield>
    <subfield code="d">1842-1914</subfield>
  </datafield>
  <datafield tag="670" ind1=" " ind2=" ">
    <subfield code="a">Jacob and Eliza Stouffer journals:</subfield>
    <subfield code="b">(Abraham Lehman, m. Emma Stouffer)</subfield>
  </datafield>
  <datafield tag="670" ind1=" " ind2=" ">
    <subfield code="a">Genealogical Memoranda: Stouffer, 1943:</subfield>
    <subfield code="b">p. 21 (Abraham Lehman; b. 1842; married Emma Stouffer, 1871; d. 1914)</subfield>
  </datafield>
</record>